<record><leader>00000cas a2200000 i 4500</leader><controlfield tag="001">892528052</controlfield><controlfield tag="006">m     o  d        </controlfield><controlfield tag="007">cr |||||||||||</controlfield><controlfield tag="008">141008d19161918iaucr neo     0   a0eng  </controlfield><datafield ind1=" " ind2=" " tag="010"><subfield code="a">  2014218628</subfield></datafield><datafield ind1=" " ind2=" " tag="040"><subfield code="a">DLC</subfield><subfield code="b">eng</subfield><subfield code="e">rda</subfield><subfield code="c">DLC</subfield><subfield code="d">DLC</subfield></datafield><datafield ind1="0" ind2=" " tag="022"><subfield code="a">2375-3269</subfield><subfield code="2">1</subfield></datafield><datafield ind1=" " ind2=" " tag="042"><subfield code="a">pcc</subfield><subfield code="a">nsdp</subfield></datafield><datafield ind1=" " ind2=" " tag="043"><subfield code="a">n-us-ia</subfield></datafield><datafield ind1="1" ind2="0" tag="050"><subfield code="a">ISSN RECORD</subfield></datafield><datafield ind1="0" ind2="0" tag="082"><subfield code="a">071</subfield><subfield code="2">23</subfield></datafield><datafield ind1="0" ind2=" " tag="130"><subfield code="a">Ottumwa semi-weekly courier (1916 : Online)</subfield></datafield><datafield ind1=" " ind2="0" tag="222"><subfield code="a">Ottumwa semi-weekly courier</subfield><subfield code="b">(1916. Online)</subfield></datafield><datafield ind1="1" ind2="0" tag="245"><subfield code="a">Ottumwa semi-weekly courier.</subfield></datafield><datafield ind1="1" ind2="3" tag="246"><subfield code="a">Semi-weekly courier</subfield></datafield><datafield ind1="1" ind2="3" tag="246"><subfield code="a">Ottumwa courier</subfield></datafield><datafield ind1=" " ind2="1" tag="264"><subfield code="a">Ottumwa [Iowa] :</subfield><subfield code="b">The Courier Printng Co.,</subfield><subfield code="c">1916-1918.</subfield></datafield><datafield ind1=" " ind2=" " tag="300"><subfield code="a">1 online resource</subfield></datafield><datafield ind1=" " ind2=" " tag="310"><subfield code="a">Semiweekly</subfield></datafield><datafield ind1=" " ind2=" " tag="336"><subfield code="a">text</subfield><subfield code="b">txt</subfield><subfield code="2">rdacontent</subfield></datafield><datafield ind1=" " ind2=" " tag="337"><subfield code="a">computer</subfield><subfield code="b">c</subfield><subfield code="2">rdamedia</subfield></datafield><datafield ind1=" " ind2=" " tag="338"><subfield code="a">online resource</subfield><subfield code="b">cr</subfield><subfield code="2">rdacarrier</subfield></datafield><datafield ind1="1" ind2=" " tag="362"><subfield code="a">Began with volume sixty-nine, number 22 (September 29, 1916); ceased with volume seventy, number 85 (June 4, 1918).</subfield></datafield><datafield ind1=" " ind2=" " tag="588"><subfield code="a">Description based on: Volume sixty-nine, number 22 (September 29, 1916); title from masthead (Chroniclingamerica.loc.gov, viewed October 8, 2014).</subfield></datafield><datafield ind1=" " ind2=" " tag="588"><subfield code="a">Latest issue consulted: Volume seventy, number 85 (June 4, 1918) (Chroniclingamerica.loc.gov, viewed October 8, 2014).</subfield></datafield><datafield ind1=" " ind2="0" tag="651"><subfield code="a">Ottumwa (Iowa)</subfield><subfield code="v">Newspapers.</subfield></datafield><datafield ind1=" " ind2=" " tag="752"><subfield code="a">United States</subfield><subfield code="b">Iowa</subfield><subfield code="c">Wapello</subfield><subfield code="d">Ottumwa.</subfield></datafield><datafield ind1="0" ind2=" " tag="775"><subfield code="t">Ottumwa daily courier (Online)</subfield></datafield><datafield ind1="0" ind2="8" tag="776"><subfield code="i">Originally issued in print:</subfield><subfield code="t">Ottumwa semi-weekly courier (1916)</subfield><subfield code="x">2375-3250</subfield><subfield code="w">(DLC)sn 86061216</subfield><subfield code="w">(OCoLC)14942033</subfield></datafield><datafield ind1="0" ind2="0" tag="780"><subfield code="t">Ottumwa tri-weekly courier (Online)</subfield><subfield code="x">2375-3293</subfield><subfield code="w">(DLC)  2014218629</subfield><subfield code="w">(OCoLC)892533817</subfield></datafield><datafield ind1="4" ind2="0" tag="856"><subfield code="u">http://www.loc.gov/chroniclingamerica/lccn/sn86061216/issues</subfield></datafield></record>